%YAML 1.1
%TAG !u! tag:unity3d.com,2011:
--- !u!1 &4051875293480180910
GameObject:
  m_ObjectHideFlags: 0
  m_CorrespondingSourceObject: {fileID: 0}
  m_PrefabInstance: {fileID: 0}
  m_PrefabAsset: {fileID: 0}
  serializedVersion: 6
  m_Component:
  - component: {fileID: 3636280659894629442}
  - component: {fileID: 7879017860751730081}
  - component: {fileID: 7399089989831079895}
  - component: {fileID: -2197343400317003686}
  - component: {fileID: 7916400086324276716}
  m_Layer: 0
  m_Name: Goblins
  m_TagString: Untagged
  m_Icon: {fileID: 0}
  m_NavMeshLayer: 0
  m_StaticEditorFlags: 0
  m_IsActive: 1
--- !u!224 &3636280659894629442
RectTransform:
  m_ObjectHideFlags: 0
  m_CorrespondingSourceObject: {fileID: 0}
  m_PrefabInstance: {fileID: 0}
  m_PrefabAsset: {fileID: 0}
  m_GameObject: {fileID: 4051875293480180910}
  m_LocalRotation: {x: 0, y: 0, z: 0, w: 1}
  m_LocalPosition: {x: 0, y: 0, z: 0}
  m_LocalScale: {x: 1, y: 1, z: 1}
  m_Children:
  - {fileID: 4780734883539572605}
  m_Father: {fileID: 0}
  m_RootOrder: 0
  m_LocalEulerAnglesHint: {x: 0, y: 0, z: 0}
  m_AnchorMin: {x: 0.5, y: 0.5}
  m_AnchorMax: {x: 0.5, y: 0.5}
  m_AnchoredPosition: {x: 0, y: 0}
  m_SizeDelta: {x: 100, y: 100}
  m_Pivot: {x: 0.5, y: 0.5}
--- !u!222 &7879017860751730081
CanvasRenderer:
  m_ObjectHideFlags: 0
  m_CorrespondingSourceObject: {fileID: 0}
  m_PrefabInstance: {fileID: 0}
  m_PrefabAsset: {fileID: 0}
  m_GameObject: {fileID: 4051875293480180910}
  m_CullTransparentMesh: 0
--- !u!114 &7399089989831079895
MonoBehaviour:
  m_ObjectHideFlags: 0
  m_CorrespondingSourceObject: {fileID: 0}
  m_PrefabInstance: {fileID: 0}
  m_PrefabAsset: {fileID: 0}
  m_GameObject: {fileID: 4051875293480180910}
  m_Enabled: 1
  m_EditorHideFlags: 0
  m_Script: {fileID: -765806418, guid: f70555f144d8491a825f0804e09c671c, type: 3}
  m_Name: 
  m_EditorClassIdentifier: 
  m_Material: {fileID: 0}
  m_Color: {r: 1, g: 1, b: 1, a: 1}
  m_RaycastTarget: 1
  m_OnCullStateChanged:
    m_PersistentCalls:
      m_Calls: []
    m_TypeName: UnityEngine.UI.MaskableGraphic+CullStateChangedEvent, UnityEngine.UI,
      Version=1.0.0.0, Culture=neutral, PublicKeyToken=null
  m_Sprite: {fileID: 21300000, guid: cbf5d19709a22504aa589d1568bb3cbd, type: 3}
  m_Type: 0
  m_PreserveAspect: 0
  m_FillCenter: 1
  m_FillMethod: 4
  m_FillAmount: 1
  m_FillClockwise: 1
  m_FillOrigin: 0
  m_UseSpriteMesh: 0
--- !u!114 &-2197343400317003686
MonoBehaviour:
  m_ObjectHideFlags: 0
  m_CorrespondingSourceObject: {fileID: 0}
  m_PrefabInstance: {fileID: 0}
  m_PrefabAsset: {fileID: 0}
  m_GameObject: {fileID: 4051875293480180910}
  m_Enabled: 1
  m_EditorHideFlags: 0
  m_Script: {fileID: 11500000, guid: 158ccab8275b24143b0dc1de09998a6a, type: 3}
  m_Name: 
  m_EditorClassIdentifier: 
  TopText: {fileID: 424555106253030462}
  BottomText: {fileID: 2792310412293125475}
--- !u!114 &7916400086324276716
MonoBehaviour:
  m_ObjectHideFlags: 0
  m_CorrespondingSourceObject: {fileID: 0}
  m_PrefabInstance: {fileID: 0}
  m_PrefabAsset: {fileID: 0}
  m_GameObject: {fileID: 4051875293480180910}
  m_Enabled: 1
  m_EditorHideFlags: 0
  m_Script: {fileID: 11500000, guid: dd077f2a5b5dfd84c9930eaeb2c0c463, type: 3}
  m_Name: 
  m_EditorClassIdentifier: 
  PrefabSelected: {fileID: 3098499682085553553, guid: 71055660e510c9140afc329f7eddf838,
    type: 3}
--- !u!1001 &4944777188408580835
PrefabInstance:
  m_ObjectHideFlags: 0
  serializedVersion: 2
  m_Modification:
    m_TransformParent: {fileID: 3636280659894629442}
    m_Modifications:
    - target: {fileID: 2426278997377622415, guid: a6a6eaee226503541be1de899902d139,
        type: 3}
      propertyPath: m_Name
      value: Head
      objectReference: {fileID: 0}
    - target: {fileID: 488629201834708382, guid: a6a6eaee226503541be1de899902d139,
        type: 3}
      propertyPath: m_LocalPosition.x
      value: 0
      objectReference: {fileID: 0}
    - target: {fileID: 488629201834708382, guid: a6a6eaee226503541be1de899902d139,
        type: 3}
      propertyPath: m_LocalPosition.y
      value: 0
      objectReference: {fileID: 0}
    - target: {fileID: 488629201834708382, guid: a6a6eaee226503541be1de899902d139,
        type: 3}
      propertyPath: m_LocalPosition.z
      value: 0
      objectReference: {fileID: 0}
    - target: {fileID: 488629201834708382, guid: a6a6eaee226503541be1de899902d139,
        type: 3}
      propertyPath: m_LocalRotation.x
      value: -0
      objectReference: {fileID: 0}
    - target: {fileID: 488629201834708382, guid: a6a6eaee226503541be1de899902d139,
        type: 3}
      propertyPath: m_LocalRotation.y
      value: -0
      objectReference: {fileID: 0}
    - target: {fileID: 488629201834708382, guid: a6a6eaee226503541be1de899902d139,
        type: 3}
      propertyPath: m_LocalRotation.z
      value: -0
      objectReference: {fileID: 0}
    - target: {fileID: 488629201834708382, guid: a6a6eaee226503541be1de899902d139,
        type: 3}
      propertyPath: m_LocalRotation.w
      value: 1
      objectReference: {fileID: 0}
    - target: {fileID: 488629201834708382, guid: a6a6eaee226503541be1de899902d139,
        type: 3}
      propertyPath: m_RootOrder
      value: 0
      objectReference: {fileID: 0}
    - target: {fileID: 488629201834708382, guid: a6a6eaee226503541be1de899902d139,
        type: 3}
      propertyPath: m_LocalEulerAnglesHint.x
      value: 0
      objectReference: {fileID: 0}
    - target: {fileID: 488629201834708382, guid: a6a6eaee226503541be1de899902d139,
        type: 3}
      propertyPath: m_LocalEulerAnglesHint.y
      value: 0
      objectReference: {fileID: 0}
    - target: {fileID: 488629201834708382, guid: a6a6eaee226503541be1de899902d139,
        type: 3}
      propertyPath: m_LocalEulerAnglesHint.z
      value: 0
      objectReference: {fileID: 0}
    - target: {fileID: 7611695095588458663, guid: a6a6eaee226503541be1de899902d139,
        type: 3}
      propertyPath: m_LocalPosition.y
      value: 5.1
      objectReference: {fileID: 0}
    m_RemovedComponents: []
  m_SourcePrefab: {fileID: 100100000, guid: a6a6eaee226503541be1de899902d139, type: 3}
--- !u!4 &4780734883539572605 stripped
Transform:
  m_CorrespondingSourceObject: {fileID: 488629201834708382, guid: a6a6eaee226503541be1de899902d139,
    type: 3}
  m_PrefabInstance: {fileID: 4944777188408580835}
  m_PrefabAsset: {fileID: 0}
--- !u!114 &424555106253030462 stripped
MonoBehaviour:
  m_CorrespondingSourceObject: {fileID: 4718420255654158045, guid: a6a6eaee226503541be1de899902d139,
    type: 3}
  m_PrefabInstance: {fileID: 4944777188408580835}
  m_PrefabAsset: {fileID: 0}
  m_GameObject: {fileID: 0}
  m_Enabled: 1
  m_EditorHideFlags: 0
  m_Script: {fileID: 708705254, guid: f70555f144d8491a825f0804e09c671c, type: 3}
  m_Name: 
  m_EditorClassIdentifier: 
--- !u!114 &2792310412293125475 stripped
MonoBehaviour:
  m_CorrespondingSourceObject: {fileID: 7088427361524739968, guid: a6a6eaee226503541be1de899902d139,
    type: 3}
  m_PrefabInstance: {fileID: 4944777188408580835}
  m_PrefabAsset: {fileID: 0}
  m_GameObject: {fileID: 0}
  m_Enabled: 1
  m_EditorHideFlags: 0
  m_Script: {fileID: 708705254, guid: f70555f144d8491a825f0804e09c671c, type: 3}
  m_Name: 
  m_EditorClassIdentifier: 
